<?xml version="1.0" encoding="UTF-8"?><collection xmlns="http://www.loc.gov/MARC21/slim"><record><leader>00570nam--2200145-i-4500</leader><controlfield tag="001">000029423</controlfield><controlfield tag="002">20161230</controlfield><controlfield tag="005">20161230201037</controlfield><controlfield tag="008">060222s1000------------r-----000-0-eng-d</controlfield><datafield ind1=" " ind2=" " tag="080"><subfield code="a">519.62:519.682</subfield></datafield><datafield ind1=" " ind2=" " tag="100"><subfield code="a">Kunzi, Hans P., Tzschach, H.G., Zehnder, C.A</subfield></datafield><datafield ind1=" " ind2=" " tag="245"><subfield code="a">Numerical methods of mathematical optimization.with algol and fortran programs.translated by werner c.rheinboldt and cornelie j.rheinboldt</subfield></datafield><datafield ind1=" " ind2=" " tag="260"><subfield code="a">New York, Academic Press, 1971. Viii+219p</subfield></datafield><datafield ind1=" " ind2=" " tag="490"><subfield code="a">Computer Science And Applied Mathematics A Series Of Monographs And Textbooks</subfield></datafield><datafield ind1=" " ind2=" " tag="852"><subfield code="a">75479</subfield></datafield></record></collection>